<record><leader>00000cas a22000007a 4500</leader><controlfield tag="001">38147360</controlfield><controlfield tag="008">971231d19uu194uokuwr n       0    0eng d</controlfield><datafield ind1=" " ind2=" " tag="010"><subfield code="a">sn 97070437 </subfield></datafield><datafield ind1=" " ind2=" " tag="040"><subfield code="a">OBN</subfield><subfield code="b">eng</subfield><subfield code="c">OBN</subfield><subfield code="d">OCLCQ</subfield><subfield code="d">OCLCF</subfield><subfield code="d">OCLCO</subfield></datafield><datafield ind1="1" ind2=" " tag="029"><subfield code="a">AU@</subfield><subfield code="b">000013708319</subfield></datafield><datafield ind1=" " ind2=" " tag="042"><subfield code="a">msc</subfield></datafield><datafield ind1=" " ind2=" " tag="043"><subfield code="a">n-us-ok</subfield></datafield><datafield ind1="0" ind2="4" tag="245"><subfield code="a">The Stilwell journal.</subfield></datafield><datafield ind1=" " ind2=" " tag="260"><subfield code="a">Adair County, Stilwell, Okla. :</subfield><subfield code="b">R.C. Atchley</subfield></datafield><datafield ind1=" " ind2=" " tag="300"><subfield code="a">v.</subfield></datafield><datafield ind1=" " ind2=" " tag="310"><subfield code="a">Weekly</subfield></datafield><datafield ind1=" " ind2=" " tag="500"><subfield code="a">"Formerly The Democrat Journal."</subfield></datafield><datafield ind1=" " ind2=" " tag="588"><subfield code="a">Description based on: Vol. 13, no. 33 (Jan. 7, 1944).</subfield></datafield><datafield ind1=" " ind2="0" tag="651"><subfield code="a">Stilwell (Okla.)</subfield><subfield code="v">Newspapers.</subfield></datafield><datafield ind1=" " ind2="0" tag="651"><subfield code="a">Adair County (Okla.)</subfield><subfield code="v">Newspapers.</subfield></datafield><datafield ind1=" " ind2="7" tag="655"><subfield code="a">Newspapers.</subfield><subfield code="2">fast</subfield><subfield code="0">(OCoLC)fst01423814</subfield></datafield><datafield ind1=" " ind2="7" tag="651"><subfield code="a">Oklahoma</subfield><subfield code="z">Adair County.</subfield><subfield code="2">fast</subfield><subfield code="0">(OCoLC)fst01221230</subfield></datafield><datafield ind1=" " ind2="7" tag="651"><subfield code="a">Oklahoma</subfield><subfield code="z">Stilwell.</subfield><subfield code="2">fast</subfield><subfield code="0">(OCoLC)fst01220850</subfield></datafield><datafield ind1=" " ind2=" " tag="752"><subfield code="a">United States</subfield><subfield code="b">Oklahoma</subfield><subfield code="c">Adair</subfield><subfield code="d">Stilwell.</subfield></datafield><datafield ind1="0" ind2="0" tag="780"><subfield code="t">Democrat=journal (Stilwell, Okla.)</subfield><subfield code="w">(DLC)sn 95076051</subfield><subfield code="w">(OCoLC)32205918</subfield></datafield><datafield ind1="0" ind2="7" tag="785"><subfield code="t">Adair County democrat-gleaner</subfield></datafield><datafield ind1="0" ind2="7" tag="785"><subfield code="t">Adair County democrat journal</subfield></datafield></record>